% Encoding: UTF-8
@book{bernhardt_2019,
  author         = {C. Bernhardt},
  editor         = {Chris Bernhardt},
  title          = {Quantum computing for everyone},
  publisher      = {The MIT press},
  year           = {2019}
}
@misc{Dirac_Notation2020,
  author       = {R. Paolucci},
  title        = {A Casual Guide to Dirac Notation},
  howpublished = {Internet},
  year         = {2020},
  url          = {https://towardsdatascience.com/a-casual-guide-to-dirac-notation-17961670ae7a},
  urldate      = {19/4/2021}
}
@misc{Microsoft_Dirac,
  author       = {Microsoft},
  title        = {Dirac Notation},
  howpublished = {internet},
  year         = {2021},
  url          = {https://docs.microsoft.com/en-us/azure/quantum/concepts-dirac-notation},
  urldate      = {19/4/2021}
}
@article{Villars_1986,
	url = {https://doi.org/10.1088/0031-9120/21/4/007},
	year = {1986},
	publisher = {{IOP} Publishing},
	volume = {21},
	number = {4},
	pages = {232--237},
	author = {C. Villars},
	title = {The paradox of Schrodinger{\textquotesingle}s cat},
	journal = {Physics Education}
}
@book{Hidary_2019,
  author         = {J. Hidary},
  editor         = {Stefan Leichenauer},
  title          = {Quantum Computing: an applied approach},
  publisher      = {Springer},
  year           = {2019}
}
@article{Griffiths2014,
  author          = {R. Griffiths},
  editor          = {Robert B. Griffiths},
  title           = {Hilbert Space Quantum Mechanics},
  year            = {2014}
}
@misc{Einstein,
  author       = {A. Einstein},
  howpublished = {letter},
  year         = {1952},
  url          = {http://sethlipkin.com/collectibles/letters/letter1/},
  urldate      = {29/3/2021}
}
@article{EPR,
  author          = {Einstein A., Podolsky B., Rosen N.},
  title           = {Can quantum-mechanical description of physical reality be considered complete?},
  journal         = {Physical review},
  volume          = {47},
  year            = {1935}
}
@manual{ComputerBasics,
  title        = {Computer Basics},
  author       = {GFCLearn.org},
  year         = {2020},
  url          = {https://edu.gcfglobal.org/en/computerbasics/what-is-a-computer/1/},
  urldate      = {30/3/2021}
}
@misc{software,
  author      = {L. Rosencrance},
  title       = {Software definition},
  institution = {TechTarget},
  year        = {2021},
  url         = {https://searchapparchitecture.techtarget.com/definition/software},
  urldate     = {30/3/2021}
}
@misc{cpu,
  author       = {Jon Martindale},
  title        = {What is a CPU?},
  howpublished = {internet},
  year         = {2021},
  url          = {https://www.digitaltrends.com/computing/what-is-a-cpu/},
  urldate      = {30/3/2021}
}
@misc{bit,
  author      = {P. Christensson},
  title       = {Bit defenition},
  institution = {Techterms},
  year        = {2013},
  url         = {https://techterms.com/definition/bit},
  urldate     = {31/3/2021}
}
@misc{gates,
  author       = {P. Fox},
  title        = {Logic gates},
  howpublished = {internet},
  url          = {https://www.khanacademy.org/computing/computers-and-internet/xcae6f4a7ff015e7d:computers/xcae6f4a7ff015e7d:logic-gates-and-circuits/a/logic-gates},
  urldate      = {31 /3/2021}
}
@article{Moore1965,
  author          = {Gordon E. Moore},
  title           = {Cramming more components onto integrated circuits},
  journal         = {Electronics},
  volume          = {38},
  number          = {8},
  year            = {1965}
}
@misc{thequbit,
  author       = {QuTech},
  title        = {What is a qubit?},
  howpublished = {internet},
  url          = {https://www.quantum-inspire.com/kbase/what-is-a-qubit/},
  urldate      = {26/4/2021}
}
@misc{qubitnotation,
  author       = {Chris Ferrie},
  title        = {What is a qubit},
  howpublished = {internet},
  year         = {2020},
  url          = {https://medium.com/swlh/what-is-a-qubit-dbce0a341c6a},
  urldate      = {12/4/2021}
}
@book{Ballentine2014,
  author         = {L. Ballentine},
  title          = {Quantum Mechanics: A Modern Development},
  publisher      = {World Scientific},
  year           = {2014},
  pages          = {52-53},
  chapter        = {2.3}
}
@article{Stern,
  author          = {Stern O., Gerlach W.},
  title           = {Der experimentelle Nachweis der Richtungsquantelung im Magnetfeld},
  journal         = {Zeitschrift für Physik},
  volume          = {9},
  year            = {1922}
}
@article{Zeeman,
  author          = {The editors of Encyclopedia},
  title           = {Zeeman effect},
  journal         = {Encyclopedia Britannica},
  volume          = {},
  number          = {},
  year            = {2011},
  url             = {https://www.britannica.com/science/Zeeman-effect},
  urldate         = {27/4/2021}
}
@misc{Cooling,
  author       = {Norman Quesnel},
  title        = {Quantum computing cooling},
  howpublished = {internet},
  year         = {2019},
  url          = {https://www.qats.com/cms/2019/08/02/quantum-computing-cooling/},
  urldate      = {27/4/2021}
}
@book{qhardware, 
  author         = {National Academies of Sciences, Engineering, and Medicine},
  editor         = {National Academies of Sciences, Engineering, and Medicine},
  title          = {Quantum computing: porgress and prospects},
  publisher      = {Washington, DC: The National Academies Press},
  year           = {2019}
}
@misc{Shor,
  author       = {Alexander Lemmens},
  title        = {Factoring using quantum algorithms},
  howpublished = {internet article},
  year         = {2020},
  url          = {https://www.esat.kuleuven.be/cosic/blog/factoring-using-quantum-algorithms/},
  urldate      = {5/5/2021}
}
@misc{Timecomp,
  author       = {Balabaskar},
  title        = {Why is time complexity essential and what is time complexity?},
  howpublished = {internet},
  year         = {2020},
  url          = {https://www.mygreatlearning.com/blog/why-is-time-complexity-essential/},
  urldate      = {5/5/2021}
}
@misc{Abhishek2021Ruimte,
  author       = {Abhishek Ahlawat},
  title        = {Space Complexity of Algorithms},
  howpublished = {studytonight.com},
  year         = {2021},
  url          = {https://www.studytonight.com/data-structures/space-complexity-of-algorithms},
  urldate      = {5/5/2021}
}
@book{qalgo,
  author         = {Lanzagorta M., Uhlmann J.},
  editor         = {Lanzagorta M., Uhlmann J., ITT Corporation, University of Missouri-Columbia},
  title          = {Quantum computer science},
  publisher      = {Morgan & Claypool},
  year           = {2009}
}
@misc{quantumalgo,
  author       = {Qutech},
  title        = {https://www.quantum-inspire.com/kbase/what-is-a-quantum-algorithm/},
  howpublished = {internet},
  url          = {https://www.quantum-inspire.com/kbase/what-is-a-quantum-algorithm/},
  urldate      = {8/5/2021},
}
@book{undecidable,
  author         = {Nielsen M., Chuang I.},
  title          = {Quantum computation and quantum information},
  publisher      = {Cambridge University Press},
  year           = {2010}
}
@masterthesis{GNFS,
  author  = {Briggs M.},
  title   = {An introduction to the general number field sieve},
  school  = {Virginia Polytechnic Institute and State University},
  year    = {1998}
}
@misc{reversible_gates,
  author       = {The Jupyter Book Community},
  title        = {Single qubit gates},
  howpublished = {internet},
  year         = {}
}
@misc{revgates,
  author       = {J. Roell},
  title        = {Demystifying Quantum Gates — One Qubit At A Time},
  howpublished = {internet},
  year         = {2018}
}

@Comment{jabref-meta: databaseType:biblatex;}
