% Encoding: UTF-8
@ARTICLE{Moore1965,
  author = {Gordon E. Moore},
  title = {Cramming more components onto integrated circuits},
  journal = {Electronics},
  year = {1965},
  volume = {38}
}

@ARTICLE{Powell2008,
  author          = {James R. Powell},
  title           = {The Qunatum Limit to Moore's Law},
  journal         = {Point of View},
  volume          = {96},
  number          = {8},
  year            = {2008}
}

@BOOK{Bengtsson2017,
  author         = {Ingemar Bengtsson and Karol Å»yczkowski},
  title          = {Geometry of Quantum States: An Introduction to Quantum Entanglement},
  publisher      = {Cambridge University Press},
  year           = {2017}
}

@misc{Abhishek2021Tijd,
  author       = {Abhishek Ahlawat},
  title        = {Time Complexity of Algorithms},
  howpublished = {studytonight.com},
  year         = {2021}
}

@misc{Abhishek2021Ruimte,
  author       = {Abhishek Ahlawat},
  title        = {Space Complexity of Algorithms},
  howpublished = {studytonight.com},
  year         = {2021}
}
Comment{jabref-meta: databaseType:biblatex;}
